<record><leader>00000cas a22000007a 4500</leader><controlfield tag="001">12761524</controlfield><controlfield tag="008">851105d18771880wiuwr ne      0    0eng d</controlfield><datafield ind1=" " ind2=" " tag="010"><subfield code="a">sn 85041356 </subfield></datafield><datafield ind1=" " ind2=" " tag="040"><subfield code="a">NPV</subfield><subfield code="b">eng</subfield><subfield code="c">NPV</subfield><subfield code="d">OCLCQ</subfield></datafield><datafield ind1=" " ind2=" " tag="042"><subfield code="a">msc</subfield></datafield><datafield ind1=" " ind2=" " tag="045"><subfield code="a">w7w8</subfield></datafield><datafield ind1=" " ind2=" " tag="052"><subfield code="a">4123</subfield><subfield code="b">R2</subfield></datafield><datafield ind1="0" ind2=" " tag="130"><subfield code="a">Racine Argus (Racine, Wis. : 1877)</subfield></datafield><datafield ind1="1" ind2="0" tag="245"><subfield code="a">Racine Argus.</subfield></datafield><datafield ind1=" " ind2=" " tag="260"><subfield code="a">Racine, Wis. :</subfield><subfield code="b">C.F. George</subfield></datafield><datafield ind1=" " ind2=" " tag="300"><subfield code="a">v.</subfield></datafield><datafield ind1=" " ind2=" " tag="310"><subfield code="a">Weekly</subfield></datafield><datafield ind1="1" ind2=" " tag="362"><subfield code="a">Began in Dec., 1877.</subfield></datafield><datafield ind1="1" ind2=" " tag="362"><subfield code="a">Ceased with Dec. 23, 1880 issue.</subfield><subfield code="z">Cf. Oehlerts, d. E. Guide to Wis. newspapers.</subfield></datafield><datafield ind1=" " ind2=" " tag="500"><subfield code="a">Publisher varies.</subfield></datafield><datafield ind1=" " ind2=" " tag="500"><subfield code="a">Editor: E.A. Egery, &lt;April 1&gt;-&lt;Dec. 23, 1880&gt;.</subfield></datafield><datafield ind1=" " ind2=" " tag="530"><subfield code="a">Available on microfilm from The State Historical Society of Wisconsin.</subfield></datafield><datafield ind1=" " ind2=" " tag="588"><subfield code="a">Description based on: Vol. 10, no. 18 (Dec. 20, 1877) = whole no. 486.</subfield></datafield><datafield ind1=" " ind2=" " tag="752"><subfield code="a">United States</subfield><subfield code="b">Wisconsin</subfield><subfield code="c">Racine</subfield><subfield code="d">Racine.</subfield></datafield><datafield ind1="0" ind2="0" tag="780"><subfield code="t">Racine County Argus</subfield><subfield code="w">(DLC)sn 85033231</subfield></datafield><datafield ind1="1" ind2=" " tag="029"><subfield code="a">AU@</subfield><subfield code="b">000025813443</subfield></datafield></record>